@ONLINE{Module,
author = {Moon, D.},
title = {{PMT Python Module}},
month = sept,
year = {2013},
note = {Available online at \url{http://www.astro.utoronto.ca/$\sim$astrolab/}}
}

@ONLINE{Stat,
author = {Moon, D.},
title = {{Statistical Analysis}},
month = sept,
year = {2013},
note = {Available online at \url{http://www.astro.utoronto.ca/$\sim$astrolab/}}
}

@ONLINE{PMT,
author = {Moon, D.},
title = {{PMT}},
month = sept,
year = {2013},
note = {Available online at \url{http://www.astro.utoronto.ca/$\sim$astrolab/}}
}

@ONLINE{error,
author = {Harrison, D.},
title = {{Error Analysis in Experimental Physical Science}},
year = {2004},
note = {Available online at \url{http://www.upscale.utoronto.ca/PVB/Harrison/ErrorAnalysis/index.html}}
}


